@ARTICLE{Okuzumi19,
       author = {{Okuzumi}, Satoshi and {Tazaki}, Ryo},
        title = "{Nonsticky Ice at the Origin of the Uniformly Polarized Submillimeter Emission from the HL Tau Disk}",
      journal = {\apj},
     keywords = {dust, extinction, planets and satellites: formation, polarization, protoplanetary disks, stars: individual: HL Tau, Astrophysics - Earth and Planetary Astrophysics, Astrophysics - Solar and Stellar Astrophysics},
         year = 2019,
        month = jun,
       volume = {878},
       number = {2},
          eid = {132},
        pages = {132},
          doi = {10.3847/1538-4357/ab204d},
archivePrefix = {arXiv},
       eprint = {1904.03869},
 primaryClass = {astro-ph.EP},
       adsurl = {https://ui.adsabs.harvard.edu/abs/2019ApJ...878..132O},
      adsnote = {Provided by the SAO/NASA Astrophysics Data System}
}

@ARTICLE{Oberg11,
       author = {{{\"O}berg}, Karin I. and {Boogert}, A.~C. Adwin and {Pontoppidan}, Klaus M. and {van den Broek}, Saskia and {van Dishoeck}, Ewine F. and {Bottinelli}, Sandrine and {Blake}, Geoffrey A. and {Evans}, Neal J., II},
        title = "{The Spitzer Ice Legacy: Ice Evolution from Cores to Protostars}",
      journal = {\apj},
     keywords = {astrochemistry, circumstellar matter, infrared: ISM, ISM: abundances, ISM: lines and bands, ISM: molecules, molecular processes, stars: formation, Astrophysics - Astrophysics of Galaxies},
         year = 2011,
        month = oct,
       volume = {740},
       number = {2},
          eid = {109},
        pages = {109},
          doi = {10.1088/0004-637X/740/2/109},
archivePrefix = {arXiv},
       eprint = {1107.5825},
 primaryClass = {astro-ph.GA},
       adsurl = {https://ui.adsabs.harvard.edu/abs/2011ApJ...740..109O},
      adsnote = {Provided by the SAO/NASA Astrophysics Data System}
}

@ARTICLE{Sakai08,
       author = {{Sakai}, Nami and {Sakai}, Takeshi and {Aikawa}, Yuri and {Yamamoto}, Satoshi},
        title = "{Detection of HCO$_{2}$$^{+}$ toward the Low-Mass Protostar IRAS 04368+2557 in L1527}",
      journal = {\apjl},
     keywords = {ISM: individual: L1527, ISM: molecules, Astrophysics},
         year = 2008,
        month = mar,
       volume = {675},
       number = {2},
        pages = {L89},
          doi = {10.1086/533463},
archivePrefix = {arXiv},
       eprint = {0801.4441},
 primaryClass = {astro-ph},
       adsurl = {https://ui.adsabs.harvard.edu/abs/2008ApJ...675L..89S},
      adsnote = {Provided by the SAO/NASA Astrophysics Data System}
}

@ARTICLE{Aikawa20,
       author = {{Aikawa}, Yuri and {Furuya}, Kenji and {Yamamoto}, Satoshi and {Sakai}, Nami},
        title = "{Chemical Variation among Protostellar Cores: Dependence on Prestellar Core Conditions}",
      journal = {\apj},
     keywords = {75, 1569, Astrophysics - Solar and Stellar Astrophysics, Astrophysics - Astrophysics of Galaxies},
         year = 2020,
        month = jul,
       volume = {897},
       number = {2},
          eid = {110},
        pages = {110},
          doi = {10.3847/1538-4357/ab994a},
archivePrefix = {arXiv},
       eprint = {2006.11696},
 primaryClass = {astro-ph.SR},
       adsurl = {https://ui.adsabs.harvard.edu/abs/2020ApJ...897..110A},
      adsnote = {Provided by the SAO/NASA Astrophysics Data System}
}

@ARTICLE{Ohashi21,
       author = {{Ohashi}, Satoshi and {Kobayashi}, Hiroshi and {Nakatani}, Riouhei and {Okuzumi}, Satoshi and {Tanaka}, Hidekazu and {Murakawa}, Koji and {Zhang}, Yichen and {Liu}, Hauyu Baobab and {Sakai}, Nami},
        title = "{Ring Formation by Coagulation of Dust Aggregates in the Early Phase of Disk Evolution around a Protostar}",
      journal = {\apj},
     keywords = {Protoplanetary disks, Dust continuum emission, Interstellar medium, Protostars, Young stellar objects, Circumstellar disks, Star formation, Planetary system formation, 1300, 412, 847, 1302, 1834, 235, 1569, 1257, Astrophysics - Earth and Planetary Astrophysics, Astrophysics - Solar and Stellar Astrophysics},
         year = 2021,
        month = feb,
       volume = {907},
       number = {2},
          eid = {80},
        pages = {80},
          doi = {10.3847/1538-4357/abd0fa},
archivePrefix = {arXiv},
       eprint = {2012.04082},
 primaryClass = {astro-ph.EP},
       adsurl = {https://ui.adsabs.harvard.edu/abs/2021ApJ...907...80O},
      adsnote = {Provided by the SAO/NASA Astrophysics Data System}
}

@ARTICLE{Sheehan20,
       author = {{Sheehan}, Patrick D. and {Tobin}, John J. and {Federman}, Sam and {Megeath}, S. Thomas and {Looney}, Leslie W.},
        title = "{The VLA/ALMA Nascent Disk and Multiplicity (VANDAM) Survey of Orion Protostars. III. Substructures in Protostellar Disks}",
      journal = {\apj},
     keywords = {Protostars, Protoplanetary disks, Star formation, 1302, 1300, 1569, Astrophysics - Solar and Stellar Astrophysics, Astrophysics - Astrophysics of Galaxies},
         year = 2020,
        month = oct,
       volume = {902},
       number = {2},
          eid = {141},
        pages = {141},
          doi = {10.3847/1538-4357/abbad5},
archivePrefix = {arXiv},
       eprint = {2010.00606},
 primaryClass = {astro-ph.SR},
       adsurl = {https://ui.adsabs.harvard.edu/abs/2020ApJ...902..141S},
      adsnote = {Provided by the SAO/NASA Astrophysics Data System}
}

@ARTICLE{Imai16,
       author = {{Imai}, Muneaki and {Sakai}, Nami and {Oya}, Yoko and {L{\'o}pez-Sepulcre}, Ana and {Watanabe}, Yoshimasa and {Ceccarelli}, Cecilia and {Lefloch}, Bertrand and {Caux}, Emmanuel and {Vastel}, Charlotte and {Kahane}, Claudine and {Sakai}, Takeshi and {Hirota}, Tomoya and {Aikawa}, Yuri and {Yamamoto}, Satoshi},
        title = "{Discovery of a Hot Corino in the Bok Globule B335}",
      journal = {\apjl},
     keywords = {ISM: abundances, ISM: individual objects: B335, ISM: molecules, stars: formation, Astrophysics - Solar and Stellar Astrophysics, Astrophysics - Astrophysics of Galaxies},
         year = 2016,
        month = oct,
       volume = {830},
       number = {2},
          eid = {L37},
        pages = {L37},
          doi = {10.3847/2041-8205/830/2/L37},
archivePrefix = {arXiv},
       eprint = {1610.03942},
 primaryClass = {astro-ph.SR},
       adsurl = {https://ui.adsabs.harvard.edu/abs/2016ApJ...830L..37I},
      adsnote = {Provided by the SAO/NASA Astrophysics Data System}
}

@ARTICLE{Oya17,
       author = {{Oya}, Yoko and {Sakai}, Nami and {Watanabe}, Yoshimasa and {Higuchi}, Aya E. and {Hirota}, Tomoya and {L{\'o}pez-Sepulcre}, Ana and {Sakai}, Takeshi and {Aikawa}, Yuri and {Ceccarelli}, Cecilia and {Lefloch}, Bertrand and {Caux}, Emmanuel and {Vastel}, Charlotte and {Kahane}, Claudine and {Yamamoto}, Satoshi},
        title = "{L483: Warm Carbon-chain Chemistry Source Harboring Hot Corino Activity}",
      journal = {\apj},
     keywords = {ISM: individual objects: L483, ISM: molecules, stars: formation, stars: pre-main sequence, Astrophysics - Solar and Stellar Astrophysics, Astrophysics - Astrophysics of Galaxies},
         year = 2017,
        month = mar,
       volume = {837},
       number = {2},
          eid = {174},
        pages = {174},
          doi = {10.3847/1538-4357/aa6300},
archivePrefix = {arXiv},
       eprint = {1703.03653},
 primaryClass = {astro-ph.SR},
       adsurl = {https://ui.adsabs.harvard.edu/abs/2017ApJ...837..174O},
      adsnote = {Provided by the SAO/NASA Astrophysics Data System}
}

@ARTICLE{Agundez19,
       author = {{Ag{\'u}ndez}, M. and {Marcelino}, N. and {Cernicharo}, J. and {Roueff}, E. and {Tafalla}, M.},
        title = "{A sensitive {\ensuremath{\lambda}} 3 mm line survey of L483. A broad view of the chemical composition of a core around a Class 0 object}",
      journal = {\aap},
     keywords = {astrochemistry, line: identification, ISM: clouds, ISM: molecules, radio lines: ISM, Astrophysics - Astrophysics of Galaxies},
         year = 2019,
        month = may,
       volume = {625},
          eid = {A147},
        pages = {A147},
          doi = {10.1051/0004-6361/201935164},
archivePrefix = {arXiv},
       eprint = {1904.06565},
 primaryClass = {astro-ph.GA},
       adsurl = {https://ui.adsabs.harvard.edu/abs/2019A&A...625A.147A},
      adsnote = {Provided by the SAO/NASA Astrophysics Data System}
}

@ARTICLE{Jensen21,
       author = {{Jensen}, S.~S. and {J{\o}rgensen}, J.~K. and {Kristensen}, L.~E. and {Coutens}, A. and {van Dishoeck}, E.~F. and {Furuya}, K. and {Harsono}, D. and {Persson}, M.~V.},
        title = "{ALMA observations of doubly deuterated water: inheritance of water from the prestellar environment}",
      journal = {\aap},
     keywords = {astrochemistry, stars: formation, ISM: abundances, submillimeter: stars, ISM: individual objects: L483, ISM: individual objects: B335 (except planetary nebulae), Astrophysics - Astrophysics of Galaxies, Astrophysics - Earth and Planetary Astrophysics, Astrophysics - Solar and Stellar Astrophysics},
         year = 2021,
        month = jun,
       volume = {650},
          eid = {A172},
        pages = {A172},
          doi = {10.1051/0004-6361/202140560},
archivePrefix = {arXiv},
       eprint = {2104.13411},
 primaryClass = {astro-ph.GA},
       adsurl = {https://ui.adsabs.harvard.edu/abs/2021A&A...650A.172J},
      adsnote = {Provided by the SAO/NASA Astrophysics Data System}
}

@ARTICLE{Jensen19,
       author = {{Jensen}, S.~S. and {J{\o}rgensen}, J.~K. and {Kristensen}, L.~E. and {Furuya}, K. and {Coutens}, A. and {van Dishoeck}, E.~F. and {Harsono}, D. and {Persson}, M.~V.},
        title = "{ALMA observations of water deuteration: a physical diagnostic of the formation of protostars}",
      journal = {\aap},
     keywords = {astrochemistry, stars: formation, ISM: abundances, ISM: individual objects: L483, ISM: individual objects: B335, ISM: individual objects: BHR71-IRS1, Astrophysics - Solar and Stellar Astrophysics, Astrophysics - Astrophysics of Galaxies},
         year = 2019,
        month = nov,
       volume = {631},
          eid = {A25},
        pages = {A25},
          doi = {10.1051/0004-6361/201936012},
archivePrefix = {arXiv},
       eprint = {1909.10533},
 primaryClass = {astro-ph.SR},
       adsurl = {https://ui.adsabs.harvard.edu/abs/2019A&A...631A..25J},
      adsnote = {Provided by the SAO/NASA Astrophysics Data System}
}

@ARTICLE{Jacobsen19,
       author = {{Jacobsen}, Steffen K. and {J{\o}rgensen}, Jes K. and {Di Francesco}, James and {Evans}, Neal J. and {Choi}, Minho and {Lee}, Jeong-Eun},
        title = "{Organic chemistry in the innermost, infalling envelope of the Class 0 protostar L483}",
      journal = {\aap},
     keywords = {radiative transfer, stars: protostars, astrochemistry, Astrophysics - Solar and Stellar Astrophysics, Astrophysics - Astrophysics of Galaxies},
         year = 2019,
        month = sep,
       volume = {629},
          eid = {A29},
        pages = {A29},
          doi = {10.1051/0004-6361/201833214},
archivePrefix = {arXiv},
       eprint = {1809.00390},
 primaryClass = {astro-ph.SR},
       adsurl = {https://ui.adsabs.harvard.edu/abs/2019A&A...629A..29J},
      adsnote = {Provided by the SAO/NASA Astrophysics Data System}
}

@ARTICLE{Boogert11,
       author = {{Boogert}, A.~C.~A. and {Huard}, T.~L. and {Cook}, A.~M. and {Chiar}, J.~E. and {Knez}, C. and {Decin}, L. and {Blake}, G.~A. and {Tielens}, A.~G.~G.~M. and {van Dishoeck}, E.~F.},
        title = "{Ice and Dust in the Quiescent Medium of Isolated Dense Cores}",
      journal = {\apj},
     keywords = {astrochemistry, infrared: ISM, infrared: stars, ISM: abundances, ISM: molecules, stars: formation, Astrophysics - Astrophysics of Galaxies},
         year = 2011,
        month = mar,
       volume = {729},
       number = {2},
          eid = {92},
        pages = {92},
          doi = {10.1088/0004-637X/729/2/92},
archivePrefix = {arXiv},
       eprint = {1101.2486},
 primaryClass = {astro-ph.GA},
       adsurl = {https://ui.adsabs.harvard.edu/abs/2011ApJ...729...92B},
      adsnote = {Provided by the SAO/NASA Astrophysics Data System}
}

@ARTICLE{Vastel16,
       author = {{Vastel}, C. and {Ceccarelli}, C. and {Lefloch}, B. and {Bachiller}, R.},
        title = "{Abundance of HOCO$^{+}$ and CO$_{2}$ in the outer layers of the L1544 prestellar core}",
      journal = {\aap},
     keywords = {astrochemistry, line: identification, molecular data, radiative transfer, Astrophysics - Astrophysics of Galaxies},
         year = 2016,
        month = jun,
       volume = {591},
          eid = {L2},
        pages = {L2},
          doi = {10.1051/0004-6361/201628427},
archivePrefix = {arXiv},
       eprint = {1605.08318},
 primaryClass = {astro-ph.GA},
       adsurl = {https://ui.adsabs.harvard.edu/abs/2016A&A...591L...2V},
      adsnote = {Provided by the SAO/NASA Astrophysics Data System}
}

@ARTICLE{Majumdar18,
       author = {{Majumdar}, L. and {Gratier}, P. and {Wakelam}, V. and {Caux}, E. and {Willacy}, K. and {Ressler}, M.~E.},
        title = "{Detection of HOCO$^{+}$ in the protostar IRAS 16293-2422}",
      journal = {\mnras},
     keywords = {astrochemistry, methods: statistical, ISM: abundances, ISM: evolution, ISM: molecules, Astrophysics - Astrophysics of Galaxies},
         year = 2018,
        month = jun,
       volume = {477},
       number = {1},
        pages = {525-530},
          doi = {10.1093/mnras/sty703},
archivePrefix = {arXiv},
       eprint = {1803.05442},
 primaryClass = {astro-ph.GA},
       adsurl = {https://ui.adsabs.harvard.edu/abs/2018MNRAS.477..525M},
      adsnote = {Provided by the SAO/NASA Astrophysics Data System}
}



